% Intro

@online{bnlfirst,
  author       = {{Brookhaven National Laboratory}},
  lastaccessed = {2024-10-29},
  organization = {Brookhaven National Laboratory},
  title        = {The First Video Game?},
  url          = {https://web.archive.org/web/20160101204514/http://www.bnl.gov/about/history/firstvideo.php},
  year         = {2013}
}

% Related

@article{Singhal1995ExploitingReality,
  author  = {Singhal, Sandeep K. and Cheriton, David R.},
  doi     = {10.1162/pres.1995.4.2.169},
  issn    = {1054-7460},
  journal = {Presence: Teleoperators and Virtual Environments},
  month   = {1},
  number  = {2},
  pages   = {169--193},
  title   = {{Exploiting Position History for Efficient Remote Rendering in Networked Virtual Reality}},
  url     = {https://direct.mit.edu/pvar/article/4/2/169-193/58896},
  volume  = {4},
  year    = {1995}
}

@online{CCHPDP,
  author       = {The Centre for Computing History},
  lastaccessed = {2024-10-27},
  organization = {The Centre for Computing History},
  title        = {DEC releases the PDP-10},
  url          = {https://www.computinghistory.org.uk/det/6179/Introduction-of-DEC-PDP-10/}
}

@misc{DIX,
  author = {{Digital Equipment Corporation} and {Intel Corporation} and {Xerox Corporation}},
  month  = {9},
  title  = {The Ethernet},
  url    = {http://ethernethistory.typepad.com/papers/EthernetSpec.pdf},
  year   = {1980}
}

@misc{RFC760,
  author       = {Postel, Jonathan},
  doi          = {10.17487/RFC0760},
  howpublished = {RFC 760},
  month        = jan,
  number       = 760,
  pagetotal    = 46,
  publisher    = {RFC Editor},
  series       = {Request for Comments},
  title        = {{DoD standard Internet Protocol}},
  url          = {https://www.rfc-editor.org/info/rfc760},
  year         = 1980
}

@misc{RFC761,
  author       = {Jonathan Postel},
  doi          = {10.17487/RFC0761},
  howpublished = {RFC 761},
  month        = jan,
  number       = 761,
  pagetotal    = 88,
  publisher    = {RFC Editor},
  series       = {Request for Comments},
  title        = {{DoD standard Transmission Control Protocol}},
  url          = {https://www.rfc-editor.org/info/rfc761},
  year         = 1980
}

@inbook{Buchanan2004,
  address   = {Boston, MA},
  author    = {W J Buchanan},
  doi       = {10.1007/978-1-4020-7870-5_11},
  isbn      = {978-1-4020-7870-5},
  journal   = {The Handbook of Data Communications and Networks: Volume 1. Volume 2},
  pages     = {239-274},
  publisher = {Springer US},
  title     = {RS-232},
  url       = {https://doi.org/10.1007/978-1-4020-7870-5_11},
  year      = {2004}
}

@techreport{Cadiz1989InterfacingSIMNET,
  author      = {Cadiz, Jorge and Ouyang, Ruey and Thompson, Jack},
  doi         = {10.21236/ADA241023},
  institution = {OSD or Non-Service DoD Agency},
  month       = {10},
  title       = {{Interfacing of the Silicon Graphics Networkable Flight Simulator with SIMNET}},
  url         = {http://www.dtic.mil/docs/citations/ADA241023},
  year        = {1989}
}

@online{YahnW.Bernier2003LatencyOptimization,
  author       = {Bernier, Yahn W.},
  month        = {1},
  organization = {Valve Developer Community},
  title        = {{Latency Compensating Methods in Client/Server In-game Protocol Design and Optimization}},
  url          = {https://developer.valvesoftware.com/wiki/Latency_Compensating_Methods_in_Client/Server_In-game_Protocol_Design_and_Optimization},
  year         = {2003}
}

@article{Barrus1996Locales:Environments,
  author  = {Barrus, J.W. and Waters, R.C. and Anderson, D.B.},
  doi     = {10.1109/38.544072},
  issn    = {02721716},
  journal = {IEEE Computer Graphics and Applications},
  month   = {11},
  number  = {6},
  pages   = {50--57},
  title   = {{Locales: supporting large multiuser virtual environments}},
  url     = {http://ieeexplore.ieee.org/document/544072/},
  volume  = {16},
  year    = {1996}
}

@inproceedings{Platt1991Low-costSimulation,
  author    = {Platt, P.A. and Dahn, D.A. and Amburn, P.},
  booktitle = {Proceedings of the IEEE 1991 National Aerospace and Electronics Conference NAECON 1991},
  doi       = {10.1109/NAECON.1991.165868},
  isbn      = {0-7803-0085-8},
  month     = {5},
  pages     = {940--946},
  publisher = {IEEE},
  title     = {{Low-cost approaches to virtual flight simulation}},
  url       = {http://ieeexplore.ieee.org/document/165868/},
  year      = {1991}
}

@inproceedings{Huber1997MultipleEnvironment,
  address   = {New York, New York, USA},
  author    = {Huber, Marcus J. and Hadley, Tedd},
  booktitle = {Proceedings of the first international conference on Autonomous agents  - AGENTS '97},
  doi       = {10.1145/267658.267737},
  isbn      = {0897918770},
  month     = {2},
  pages     = {332--339},
  publisher = {ACM Press},
  title     = {{Multiple roles, multiple teams, dynamic environment}},
  url       = {http://portal.acm.org/citation.cfm?doid=267658.267737},
  year      = {1997}
}

@inproceedings{Das1997NetEffect,
  address   = {New York, NY, USA},
  author    = {Das, Tapas K. and Singh, Gurminder and Mitchell, Alex and Kumar, P. Senthil and McGee, Kevin},
  booktitle = {Proceedings of the ACM Symposium on Virtual Reality Software and Technology},
  doi       = {10.1145/261135.261164},
  isbn      = {089791953X},
  month     = {9},
  pages     = {157--163},
  publisher = {ACM},
  title     = {{NetEffect}},
  url       = {https://dl.acm.org/doi/10.1145/261135.261164},
  year      = {1997}
}

@inproceedings{Blau1992NetworkedEnvironments,
  address   = {New York, New York, USA},
  author    = {Blau, Brian and Hughes, Charles E. and Moshell, Michael J. and Lisle, Curtis},
  booktitle = {Proceedings of the 1992 Symposium on Interactive 3D Graphics  - SI3D '92},
  doi       = {10.1145/147156.147187},
  isbn      = {0897914678},
  month     = {6},
  pages     = {157--160},
  publisher = {ACM Press},
  title     = {{Networked virtual environments}},
  url       = {http://portal.acm.org/citation.cfm?doid=147156.147187},
  year      = {1992}
}

@inproceedings{Chiueh1997PerformanceGame,
  author    = {Chiueh, Tzi-cker and Lin, Longban},
  booktitle = {Proceedings of SPIE},
  doi       = {10.1117/12.263387},
  editor    = {Tescher, Andrew G. and Chiueh, Tzi-cker},
  month     = {1},
  pages     = {159--167},
  title     = {{Performance optimization of a network game}},
  url       = {http://proceedings.spiedigitallibrary.org/proceeding.aspx?articleid=1025292},
  volume    = {2915},
  year      = {1997}
}

@article{morningstar,
  author  = {Morningstar, Chip and Farmer, F. Randall},
  doi     = {10.4101/jvwr.v1i1.287},
  issn    = {1941-8477},
  journal = {Journal For Virtual Worlds Research},
  month   = {7},
  number  = {1},
  title   = {{The Lessons of Lucasfilm's Habitat}},
  url     = {https://jvwr-ojs-utexas-stage.tdl.org/jvwr/index.php/jvwr/article/view/287},
  volume  = {1},
  year    = {2008}
}

@article{lowood,
  address   = {Los Alamitos, CA, USA},
  author    = {Lowood, Henry},
  doi       = {10.1109/MAHC.2009.53},
  issn      = {1934-1547},
  journal   = {IEEE Annals of the History of Computing},
  month     = jul,
  number    = {03},
  pages     = {5-19},
  publisher = {IEEE Computer Society},
  title     = {{Videogames in Computer Space: The Complex History of Pong}},
  url       = {https://doi.ieeecomputersociety.org/10.1109/MAHC.2009.53},
  volume    = {31},
  year      = {2009}
}

@article{bogost,
  address   = {Los Alamitos, CA, USA},
  author    = {Bogost, Ian and Montfort, Nick},
  doi       = {10.1109/MAHC.2009.50},
  issn      = {1934-1547},
  journal   = { IEEE Annals of the History of Computing },
  month     = jul,
  number    = {03},
  pages     = {34-43},
  publisher = {IEEE Computer Society},
  title     = {{ Random and Raster: Display Technologies and the Development of Videogames }},
  url       = {https://doi.ieeecomputersociety.org/10.1109/MAHC.2009.50},
  volume    = {31},
  year      = {2009}
}

@article{jorgensen,
  address   = {Los Alamitos, CA, USA},
  author    = {Jorgensen, Anker Helms},
  doi       = {10.1109/MAHC.2009.41},
  issn      = {1934-1547},
  journal   = { IEEE Annals of the History of Computing },
  month     = jul,
  number    = {03},
  pages     = {44-53},
  publisher = {IEEE Computer Society},
  title     = {{ Context and Driving Forces in the Development of the Early Computer Game Nimbi }},
  url       = {https://doi.ieeecomputersociety.org/10.1109/MAHC.2009.41},
  volume    = {31},
  year      = {2009}
}

@inbook{aycock,
  address   = {CA, USA},
  author    = {Aycock, John and Biittner, Katie},
  chapter   = {8},
  journal   = {Archaeology Outside the Box},
  pages     = {83--78},
  publisher = {Cotsen Institute of Archaeology Press},
  title     = {Archaeogaming is X},
  year      = {2023}
}

@article{Aycock2018,
  author   = {John Aycock and Tara Copplestone},
  doi      = {10.22152/programming-journal.org/2019/3/4},
  issn     = {2473-7321},
  issue    = {2},
  journal  = {The Art, Science, and Engineering of Programming},
  month    = {11},
  numpages = {},
  pages    = {},
  title    = {Entombed: An archaeological examination of an Atari 2600 game},
  volume   = {3},
  year     = {2018}
}

% Prelim

@misc{ien152,
  author      = {Vint Cerf},
  institution = {IEN},
  issue       = {152},
  journal     = {IE},
  month       = {7},
  title       = {DoD Protocol Standardization},
  url         = {https://www.rfc-editor.org/rfc/ien/ien152.html},
  year        = {1980}
}

@article{plato,
  author    = {Steve Jones and Guillaume Latzko-Toth},
  doi       = {10.1080/24701475.2017.1307544},
  journal   = {Internet Histories},
  number    = {1-2},
  pages     = {60--69},
  publisher = {Routledge},
  title     = {Out from the PLATO cave: uncovering the pre-Internet history of social computing},
  volume    = {1},
  year      = {2017}
}

@online{flagday,
  author       = {Postel, Jonathan},
  lastaccessed = {2024-10-29},
  month        = {10},
  organization = {Usenet},
  title        = {TCP-IP Digest, Vol 1 {\#}2},
  url          = {https://groups.google.com/g/fa.tcp-ip/c/HDoq18adT2Y/m/HwoFGxcizzEJ},
  year         = {1981}
}
@misc{IEEE8023,
  author  = {{IEEE}},
  doi     = {10.1109/IEEESTD.1985.82837},
  journal = {ANSI/IEEE Std 802.3-1985},
  title   = {IEEE Standards for Local Area Networks: Carrier Sense Multiple Access With Collision Detection (CSMA/CD) Access Method and Physical Layer Specifications},
  url     = {https://ieeexplore-ieee-org.ezproxy.lib.ucalgary.ca/document/30707},
  year    = {1985}
}

@online{metcalfe,
  author       = {Metcalfe, Robert and Boggs, David},
  day          = {14},
  lastaccessed = {2024-10-26},
  month        = {12},
  organization = {YouTube},
  title        = {The History of Ethernet},
  url          = {https://www.youtube.com/watch?v=g5MezxMcRmk},
  year         = {2006}
}

@online{bowery,
  author       = {Bowery, Jim},
  day          = {2},
  lastaccessed = {2024-10-26},
  month        = {4},
  organization = {GeoCities},
  title        = {Spasim (1974) The First First-Person-Shooter 3D Multiplayer Networked Game},
  url          = {https://web.archive.org/web/20010410145350/http://www.geocities.com/jim_bowery/spasim.html},
  year         = {2001}
}

@misc{pywikibot,
  author       = {MediaWiki},
  lastaccessed = {2024-06-26},
  note         = {Version 9.2.0},
  title        = {Pywikibot},
  url          = {https://www.mediawiki.org/w/index.php?title=Manual:Pywikibot},
  year         = {2024}
}

% Maze

@online{thompson,
  author       = {Thompson, Greg},
  day          = {7},
  lastaccessed = {2024-10-28},
  month        = {11},
  organization = {Computer History Museum},
  title        = {The aMazing History of Maze},
  url          = {https://www.digibarn.com/collections/presentations/maze-war/index_files/frame.html},
  year         = {2004}
}

@misc{mazesrc,
  author       = {Palmer, Howard and Colley, Steve and Thompson, Greg and Lebling, Dave and Harrenstein, Ken and Frankston, Charles},
  day          = {11},
  lastaccessed = {2024-09-08},
  month        = {4},
  title        = {Maze},
  url          = {https://s3-us-west-2.amazonaws.com/tmmeng/Maze/Mazewar-Imlac-asm.txt},
  year         = {1974}
}

% Sopwith

@misc{colead,
  author       = {Cole, Jack},
  month        = {1},
  organization = {BMB Compuscience Canada Ltd.},
  title        = {Net Working -- Reflections on Network Design},
  url          = {https://fragglet.github.io/sdl-sopwith/imaginet.html},
  year         = {1986}
}

@misc{imaginetpatent,
  author = {Agnew, Edward Gordon Kenneth and Maclean, William M. and Madter, Richard C.},
  day    = {07},
  month  = {12},
  note   = {Canadian Patent No. 1172380, Filed December 7th., 1983, Issued August. 7th., 1984},
  title  = {Controller and Method for Transparent Resource Sharing in Microcomputer Systems},
  url    = {https://www.ic.gc.ca/opic-cipo/cpd/eng/patent/1172380/summary.html},
  year   = {1983}
}

@online{dosonline,
  author       = {Necasek, Michael},
  day          = {9},
  lastaccessed = {2024-10-28},
  month        = {9},
  organization = {OS/2 Museum},
  title        = {DOS 3.0, 3.1, and 3.2},
  url          = {https://www.os2museum.com/wp/dos/dos-3-0-3-2/},
  year         = {2011}
}

@online{imaginot,
  author       = {Howard, Simon},
  lastaccessed = {2024-10-28},
  month        = {1},
  organization = {GitHub},
  title        = {Imaginot},
  url          = {https://github.com/fragglet/imaginot},
  year         = {2024}
}

% SGI Dogfight

@online{zyda,
  author       = {Zyda, Michael},
  lastaccessed = {2024-10-29},
  organization = {Calhoun: The NPS Institutional Archive},
  title        = {Networked Virtual Environments in 75 Minutes!},
  url          = {https://web.archive.org/web/20190417084504/https://core.ac.uk/download/pdf/36733821.pdf},
  year         = {2000}
}

@misc{dogsrc,
  author       = {Tarolli, Gary and Mace, Rob and Brouillette, Barry and Levine, Marshal and Ciemiewicz, Dave and Cherenson, Andrew and Perry, Chris and Schoeneman, Chris and Beier, Thad and Ondrechen, Marc},
  lastaccessed = {2024-09-08},
  title        = {SGI Dogfight},
  url          = {https://notwood.net/sgiflight/old-flight-src.zip},
  year         = {1988}
}

@online{mace,
  author       = {Mace, Rob},
  lastaccessed = {2024-10-30},
  organization = {Unix Usenet},
  title        = {Dogfight and others.},
  url          = {https://mirrors.nycbug.org/pub/The_Unix_Archive/Unix_Usenet/comp.sys.sgi/1988-December/009861.html},
  year         = {1988}
}

% Habitat

@online{nollinger,
  author       = {Nollinger, Mark},
  lastaccessed = {2024-12-03},
  organization = {Wired},
  title        = {{America, Online!}},
  url          = {https://web.archive.org/web/20181022022202/https://www.wired.com/1995/09/aol-2/},
  year         = {1995}
}

@online{pcmagbbs,
  author       = {Edwards,Benj},
  lastaccessed = {2024-12-03},
  organization = {PCMag},
  title        = {The Forgotten World of BBS Door Games},
  url          = {https://www.pcmag.com/news/the-forgotten-world-of-bbs-door-games},
  year         = {2016}
}

@online{guinnessc64,
  author       = {{Guinness World Records}},
  lastaccessed = {2024-12-03},
  organization = {{Guinness World Records}},
  title        = {Best-selling desktop computer},
  url          = {https://www.guinnessworldrecords.com/world-records/72695-most-computer-sales},
  year         = {2024}
}

@online{marketshare,
  author       = {Reimer, Jeremy},
  lastaccessed = {2024-12-03},
  organization = {Ars Technica},
  title        = {Total share: 30 years of personal computer market share figures},
  url          = {https://arstechnica.com/features/2005/12/total-share/},
  year         = {2005}
}

@online{habitatsrc,
  author       = {Morningstar, Chip and Farmer, F. Randall and Hunter, Janet},
  lastaccessed = {2024-11-05},
  organization = {Museum of Art and Digital Entertainment},
  title        = {habitat},
  url          = {https://github.com/Museum-of-Art-and-Digital-Entertainment/habitat},
  year         = {1986}
}

@online{macrosssrc,
  author       = {Morningstar, Chip and Farmer, F. Randall and Hunter, Janet},
  lastaccessed = {2024-12-03},
  organization = {Museum of Art and Digital Entertainment},
  title        = {macross},
  url          = {https://github.com/Museum-of-Art-and-Digital-Entertainment/macross},
  year         = {1986}
}